<record><leader>00000cas a22000007a 4500</leader><controlfield tag="001">12241819</controlfield><controlfield tag="008">850708d19101938iauwr ne      0    0eng d</controlfield><datafield ind1=" " ind2=" " tag="010"><subfield code="a">sn 85050841 </subfield></datafield><datafield ind1=" " ind2=" " tag="040"><subfield code="a">INPA</subfield><subfield code="b">eng</subfield><subfield code="c">INP</subfield><subfield code="d">OCLCQ</subfield></datafield><datafield ind1=" " ind2=" " tag="042"><subfield code="a">msc</subfield></datafield><datafield ind1="0" ind2="4" tag="245"><subfield code="a">The Keystone bulletin.</subfield></datafield><datafield ind1=" " ind2=" " tag="260"><subfield code="a">Keystone, Iowa :</subfield><subfield code="b">Harding Print. Co.</subfield></datafield><datafield ind1=" " ind2=" " tag="300"><subfield code="a">v. :</subfield><subfield code="b">ill.</subfield></datafield><datafield ind1=" " ind2=" " tag="310"><subfield code="a">Weekly</subfield></datafield><datafield ind1="1" ind2=" " tag="362"><subfield code="a">Issued 1910-1938.</subfield><subfield code="z">Cf. Bibl. of Iowa newspapers.</subfield></datafield><datafield ind1=" " ind2=" " tag="500"><subfield code="a">Publisher: Burrows Pub. Co., Sept. 5, 1935-&lt;May 19, 1938&gt;.</subfield></datafield><datafield ind1=" " ind2=" " tag="500"><subfield code="a">Editors: W.J. Harding, &lt;June 27, 1912&gt;-Aug. 29, 1935; O.C. Burrows, Sept. 5, 1935-&lt;May 19, 1938&gt;.</subfield></datafield><datafield ind1=" " ind2=" " tag="588"><subfield code="a">Description based on: Vol. 3, no. 15 (June 27, 1912).</subfield></datafield><datafield ind1=" " ind2=" " tag="752"><subfield code="a">United States</subfield><subfield code="b">Iowa</subfield><subfield code="c">Benton</subfield><subfield code="d">Keystone.</subfield></datafield><datafield ind1="0" ind2="4" tag="785"><subfield code="t">Belle Plaine union (Belle Plaine, Iowa : 1922)</subfield></datafield><datafield ind1="1" ind2=" " tag="029"><subfield code="a">AU@</subfield><subfield code="b">000025787882</subfield></datafield></record>